% Please keep adding stuff here as and when you refer to something. You may use online resources to create BibTeX code for you.
@misc{smirnoff_turner_2019,
        title={Symmetric Key Encryption - why, where and how it's used in banking}, 
        url={https://www.cryptomathic.com/news-events/blog/symmetric-key-encryption-why-where-and-how-its-used-in-banking}, 
        journal={Cryptomathic}, 
        author={Smirnoff, Peter and Turner, Dawn M.}, year={2019}, month={Jan}} 
 
