% Please keep adding stuff here as and when you refer to something. You may use online resources to create BibTeX code for you.

@string{ECS = "Encyclopedia of Cryptography and Security"}

@misc{smirnoff_turner_2019,
        title={Symmetric Key Encryption - why, where and how it's used in banking},
        url={https://www.cryptomathic.com/news-events/blog/symmetric-key-encryption-why-where-and-how-its-used-in-banking},
        journal={Cryptomathic},
        author={Smirnoff, Peter and Turner, Dawn M.}, year={2019}, month=Jan
}

@incollection{kaliski_acry,
        author = {Kaliski, Burt},
        title = {Assymmetric Cryptosystem},
        booktitle = ECS,
        editor = {van Tilbourg, Henk C.A. and Jajodia, Sushil},
        year = {2011},
        pages = {49--50}
}

@misc{savvyasym,
        title={What is Asymmetric Encryption? Understand with Simple Examples},
        url={https://cheapsslsecurity.com/blog/what-is-asymmetric-encryption-understand-with-simple-examples/},
        journal={Savvy Security},
        year={2021}, month=Jan
}

@incollection{kuro_he,
        author = {Kurosawa, Kaoru},
        title = {Hybrid Encryption},
        booktitle = {ECS},
        editor = {van Tilbourg, Henk C.A. and Jajodia, Sushil},
        year = {2011},
        pages = {570--572}
}


@misc{cryptoeprint:2001:108,
    author = {Ronald Cramer and Victor Shoup},
    title = {Design and Analysis of Practical Public-Key Encryption Schemes Secure against Adaptive Chosen Ciphertext Attack},
    howpublished = {Cryptology ePrint Archive, Report 2001/108},
    year = {2001},
    note = {\url{https://eprint.iacr.org/2001/108}},
}

@online{digicert,
        author = {digicert},
        title = {What is an SSL certificate?},
        year = {2021}
        url = {https://www.digicert.com/what-is-an-ssl-certificate},
        urldate = {2021-05-14}
}
@online{cloudflare_certificate
        author = {cloudflare},
        title = {What is an SSL certificate?},
        url = {https://www.cloudflare.com/en-gb/learning/ssl/what-is-an-ssl-certificate/}
}  
@online{cloudflare_handshake
        author = {cloudflare},
        title = {What is an SSL certificate?},
        url = {https://www.cloudflare.com/learning/ssl/what-happens-in-a-tls-handshake/}
}  
@article{mckinley,
         author = {Holly McKinley},
         title = {SSL and TLS: A Beginner's Guide},
         url = {https://www.sans.org/reading-room/whitepapers/protocols/ssl-tls-beginners-guide-1029},
         year = {2003},
         publisher = {SANS Institute}
 }       

@article{Elgamal_1985,
        doi = {10.1109/tit.1985.1057074},
        url = {https://doi.org/10.1109%2Ftit.1985.1057074},
        year = 1985,
        month = jul,
        publisher = {Institute of Electrical and Electronics Engineers ({IEEE})},
        volume = {31},
        number = {4},
        pages = {469--472},
        author = {T. Elgamal},
        title = {A public key cryptosystem and a signature scheme based on discrete logarithms},
        journal = {{IEEE} Transactions on Information Theory}
}%

@article{koocmsc,
  title={CMSC 858Kâ€”Advanced Topics in Cryptography February 5, 2004},
  author={Koo, Chiu Yuen and Yakovenko, Nikolai and Blank, Jeffrey},
  publisher={Citeseer}
}
